<?xml version="1.0" encoding="UTF-8"?><collection xmlns="http://www.loc.gov/MARC21/slim"><record><leader>00641nam--2200181-i-4500</leader><controlfield tag="001">000022321</controlfield><controlfield tag="002">20161230</controlfield><controlfield tag="005">20161230201034</controlfield><controlfield tag="008">060222s1000------------r-----000-0-eng-d</controlfield><datafield ind1=" " ind2=" " tag="040"><subfield code="a">IFIN-HH</subfield></datafield><datafield ind1=" " ind2=" " tag="080"><subfield code="a">539.17</subfield></datafield><datafield ind1="1" ind2=" " tag="100"><subfield code="a">Ghiorso, A</subfield></datafield><datafield ind1="1" ind2="0" tag="245"><subfield code="a">Reactions between complex nuclei</subfield><subfield code="b">Proceedings of the third conference on reactions between complex nuclei held at asilomar (pacific grove, california) april 14-18, 1963</subfield><subfield code="c">A. ghiorso, r.m. diamond, h.e. conzett (eds.)</subfield></datafield><datafield ind1=" " ind2=" " tag="260"><subfield code="a">Berkley</subfield><subfield code="b">University Of California Press</subfield><subfield code="c">1963</subfield></datafield><datafield ind1=" " ind2=" " tag="300"><subfield code="a">X+456P</subfield></datafield><datafield ind1="1" ind2=" " tag="700"><subfield code="a">Conzett, H.E</subfield><subfield code="e">Ed</subfield></datafield><datafield ind1=" " ind2=" " tag="852"><subfield code="a">19746</subfield><subfield code="c">539.17</subfield></datafield><datafield ind1=" " ind2=" " tag="CAT"><subfield code="a">Sys</subfield><subfield code="c">20120529</subfield><subfield code="h">151543</subfield></datafield></record></collection>